% Encoding: UTF-8




@book{GaHe13,
	Address = {\url{https://cel.archives-ouvertes.fr/file/index/docid/637007/filename/mes-int-pro.pdf}},
	Author = {Gallou{\"e}t, Thierry and Herbin, Rapha{\`e}le},
	Date-Added = {2018-09-26 12:06:28 +0000},
	Date-Modified = {2018-09-26 12:08:48 +0000},
	Publisher = {Ellipses},
	Title = {Mesure, int{\'e}gration, probabilit{\'e}s},
	Year = {2013}}

@book{BaLe07,
	Author = {Barbe, Philippe and Ledoux, Michel},
	Date-Added = {2018-09-26 12:05:12 +0000},
	Date-Modified = {2018-09-26 12:05:22 +0000},
	Publisher = {L'Editeur: EDP Sciences},
	Title = {Probabilit{\'e}},
	Year = {2007}}

@book{GaKu11,
	Author = {Garet, Olivier and Kurtzmann, Aline},
	Date-Added = {2018-09-26 12:02:18 +0000},
	Date-Modified = {2018-09-26 12:02:54 +0000},
	Publisher = {Ellipses},
	Title = {De l'int{\'e}gration aux probabilit{\'e}s},
	Volume = {470},
	Year = {2011}}

@book{Ga97,
	Author = {Gapaillard, Jacques},
	Date-Added = {2018-09-26 12:01:29 +0000},
	Date-Modified = {2018-09-26 12:01:37 +0000},
	Publisher = {Masson},
	Title = {Int{\'e}gration pour la licence: cours avec exercices corrig{\'e}s},
	Year = {1997}}

@Article{Ca09,
  author  = {Michel Carbon},
  title   = {Probabilit√©s 1 et 2},
  journal = {Note de cours ENSAI},
  year    = {2009},
}

@Article{le2006integration,
  author  = {Le Gall, Jean-Fran{\c{c}}ois},
  title   = {Int{\'e}gration, probabilit{\'e}s et processus al{\'e}atoires},
  journal = {Ecole Normale Sup{\'e}rieure de Paris},
  year    = {2006},
}

@Comment{jabref-meta: databaseType:bibtex;}
